@MISC{cit::std::adjancefind,
author = {C++ Standard},
title = { \texttt{std::adjacent\_find}},
month = {},
year = {},
url ={https://en.cppreference.com/w/cpp/algorithm/adjacent_find},
note = "[Online]"
}

@MISC{ cit:wiki:shortcircuit,
  author = {{ {W}ikipedia{,} The Free Encyclopedia}},
  title = "Short Circuit Evaluation",
  year = "2020",
  url = "http://en.wikipedia.org/w/index.php?title=Estimation_lemma&oldid=375747928",
  note = "[Online]"
}